<?xml version="1.0" encoding="UTF-8"?>
<collection xmlns:xsi="http://www.w3.org/2001/XMLSchema-instance" xsi:schemaLocation="http://www.loc.gov/MARC21/slim http://www.loc.gov/standards/marcxml/schema/MARC21slim.xsd" xmlns="http://www.loc.gov/MARC21/slim">
<record>
  <leader>00830cam a22002051  4500</leader>
  <controlfield tag="001">2679507</controlfield>
  <controlfield tag="003">NNC</controlfield>
  <controlfield tag="005">20141204110405.0</controlfield>
  <controlfield tag="008">000924s1946    ua            000 0 ara d</controlfield>
  <datafield tag="035" ind1=" " ind2=" ">
    <subfield code="a">(OCoLC)ocm45066927</subfield>
  </datafield>
  <datafield tag="035" ind1=" " ind2=" ">
    <subfield code="9">ARC8268CU</subfield>
  </datafield>
  <datafield tag="040" ind1=" " ind2=" ">
    <subfield code="a">ZCU</subfield>
    <subfield code="c">ZCU</subfield>
  </datafield>
  <datafield tag="099" ind1=" " ind2=" ">
    <subfield code="a">962</subfield>
    <subfield code="a">L977</subfield>
  </datafield>
  <datafield tag="100" ind1="1" ind2=" ">
    <subfield code="a">Sayyid, Aḥmad Luṭfī,</subfield>
    <subfield code="d">1872-1963.</subfield>
  </datafield>
  <datafield tag="245" ind1="1" ind2="0">
    <subfield code="a">Safaḥāt maṭwīyah min taʾrīkh al-ḥarakah al-istiqlālīyah fī Miṣr min mārs sanat 1907 ilā mārs sanat 1909,</subfield>
    <subfield code="b">ʻaṣr al-inqilāb al-fikrī fī al-siyāsah al-waṭanīyah</subfield>
    <subfield code="c">[li] Aḥmad Luṭfī al-Sayyid Bāshā.</subfield>
  </datafield>
  <datafield tag="260" ind1=" " ind2=" ">
    <subfield code="a">Miṣr,</subfield>
    <subfield code="b">Maṭbaʻat al-Muqtataf wa al-Muqaṭṭam,</subfield>
    <subfield code="c">1946.</subfield>
  </datafield>
  <datafield tag="300" ind1=" " ind2=" ">
    <subfield code="a">280 p.</subfield>
  </datafield>
  <datafield tag="500" ind1=" " ind2=" ">
    <subfield code="a">At bottom of t.-p.: al-Mukhtārāt al-siyāsīyah.</subfield>
  </datafield>
  <datafield tag="651" ind1=" " ind2="0">
    <subfield code="a">Egypt</subfield>
    <subfield code="x">Politics and government</subfield>
    <subfield code="y">1882-1952.</subfield>
  </datafield>
  <datafield tag="955" ind1=" " ind2=" ">
    <subfield code="b">0038545438</subfield>
    <subfield code="d">glx</subfield>
    <subfield code="e">962 L977</subfield>
  </datafield>
</record>
</collection>